
@INPROCEEDINGS{Barabosch:2014,
  Author={Barabosch, Thomas and Gerhards\-Padilla, Elmar},
  booktitle={2014 9th International Conference on Malicious and Unwanted Software: The Americas (MALWARE)}, 
  title={Host-based code injection attacks: A popular technique used by malware}, 
  year={2014},
  volume={},
  number={},
  pages={8-17},
  doi={10.1109/MALWARE.2014.6999410}
}

@ONLINE{Dequeker:2023,
  author={Dequeker, Y.},
  title={Process Injection using NtSetInformationProcess},
  url={https://www.riskinsight-wavestone.com/en/2023/10/process-injection-using-ntsetinformationprocess},
  publisher={Wavestone},
  month={10},
  year={2023}
}

@patent{Ghizzoni:2004,
  author={Ghizzoni, A.},
  title={Method for injecting code into another process},
  nationality={United States},
  number ={6698016},
  day ={24},
  month={2},
  year={2004},
  url={https://patents.justia.com/patent/6698016}
}

@ONLINE{Hayes:2023,
  author = {Hayes, N.},
  title = {EDR vs MDR vs XDR},
  url = {https://www.crowdstrike.com/cybersecurity-101/endpoint-security/edr-vs-mdr-vs-xdr},
  publisher={Crowdstrike},
  month={4},
  year={2023}
}

@ONLINE{Hosseini:2017,
  author = {Hosseini, A.},
  title = {Ten process injection techniques: A technical survey of common and trending process injection techniques},
  url = {https://www.elastic.co/blog/ten-process-injection-techniques-technical-survey-common-and-trending-process},
  publisher={EndGame blog},
  month={7},
  year={2017}
}

@INPROCEEDINGS{Jang:2007,
  author={Jang, Moonsu and Kim, Hongchul and Yun, Youngtae},
  booktitle={2007 International Conference on Convergence Information Technology (ICCIT 2007)}, 
  title={Detection of DLL Inserted by Windows Malicious Code}, 
  year={2007},
  volume={},
  number={},
  pages={1059-1064},
  doi={10.1109/ICCIT.2007.320}
}

@ONLINE{Mitre:2017,
  author = {Mitre},
  title = {Process Injection, Technique T1055},
  url = {https://attack.mitre.org/techniques/T1055/},
  publisher={MITRE ATT&amp;CK},
  month={5},
  year={2017}
}

@ONLINE{Peixoto:2023,
  author={Peixoto, T., Duarte F. and Naor, I.},
  title={Process Mockingjay: Echoing RWX in Userland to Achieve Code Execution},
  url={https://www.securityjoes.com/post/process-mockingjay-echoing-rwx-in-userland-to-achieve-code-execution},
  publisher={Security Joes},
  month={6},
  year={2023}
}

@inproceedings{Pek:2016,
  author = {Pék, Gábor and Lázár, Zsombor and Várnagy, Zoltán and Félegyházi, Márk and Buttyan, Levente},
  year = {2016},
  month = {09},
  pages = {199-216},
  title = {Membrane: A Posteriori Detection of Malicious Code Loading by Memory Paging Analysis},
  volume = {9878},
  isbn = {978-3-319-45743-7},
  doi = {10.1007/978-3-319-45744-4_10}
}

@ONLINE{S12h4ck:2023a,
  author={S12-H4CK},
  title={NT API Code Injection},
  url={https://medium.com/@s12deff/nt-api-code-injection-b7dccca40710},
  publisher={Medium.com},
  month={1},
  year={2023}
}

@ONLINE{S12h4ck:2023b,
  author={S12-H4CK},
  title={Process Injection with random RWX Memory Spaces},
  url={https://medium.com/@s12deff/process-injection-with-random-rwx-memory-spaces-3e3651149527},
  publisher={Medium.com},
  month={10},
  year={2023}
}

@INPROCEEDINGS{Wang:2022,
  author={Wang, Juan and Ma, Chenjun and Li, Ziang and Yuan, Huanyu and Wang, Jie},
  booktitle={2022 IEEE International Conference on Trust, Security and Privacy in Computing and Communications (TrustCom)}, 
  title={ProcGuard: Process Injection Behaviours Detection Using Fine\-grained Analysis of API Call Chain with Deep Learning}, 
  year={2022},
  volume={},
  number={},
  pages={778-785},
  doi={10.1109/TrustCom56396.2022.00109}
}

@ONLINE{Zhan:2018,
  author={Zhad, O.},
  title={Windows Process Injection: Code Injection Methods},
  url={https://modexp.wordpress.com/2018/07/15/process-injection-sharing-payload/},
  publisher={Odzhan},
  month={7},
  year={2018}
}

@BOOK{Smith:2023qr,
	title = {{B}ook {T}itle},
	publisher = {Publisher},
	author = {Smith, J.~M. and Jones, A.~B.},
	year = {2023},
	edition = {7th},
}

@ARTICLE{Smith:2024jd,
	author = {Jones, A.~B. and Smith, J.~M.},
	title = {{A}rticle {T}itle},
	journal = {Journal title},
	year = {2024},
	volume = {13},
	pages = {123-456},
	number = {52}, 
	month = {3},
	publisher = {Publisher},
	doi = {10.1038/s41586-021-03616-x},
}